@online{python_min_float,
    title = {Maximum and minimum float values in Python_2021},
    url={https://note.nkmk.me/en/python-sys-float-info-max-min/},
    journal={Maximum and minimum float values in Python},
    publisher={nkmk},
    year={2021},
    month={9},
}
